
    <record>
      <recordSchema>marcxml</recordSchema>
      <recordPacking>xml</recordPacking>
      <recordData>
        <record xmlns="http://www.loc.gov/MARC21/slim">
          <leader>01857nam a22004814i 4500</leader>
          <controlfield tag="001">991018966037803976</controlfield>
          <controlfield tag="003">Sz</controlfield>
          <controlfield tag="005">20221101110216.0</controlfield>
          <controlfield tag="008">180920s2022    sz a     m    00| 0 eng d</controlfield>
          <datafield ind1="7" ind2=" " tag="024">
            <subfield code="a">http://permalink.snl.ch/bib/sz991018966037803976</subfield>
            <subfield code="2">uri</subfield>
          </datafield>
          <datafield ind1=" " ind2=" " tag="035">
            <subfield code="a">(Sz)991018966037803976</subfield>
          </datafield>
          <datafield ind1=" " ind2=" " tag="040">
            <subfield code="a">Sz</subfield>
            <subfield code="b">ger</subfield>
            <subfield code="e">rda</subfield>
          </datafield>
          <datafield ind1="7" ind2="4" tag="082">
            <subfield code="a">340</subfield>
            <subfield code="2">23sdnb</subfield>
          </datafield>
          <datafield ind1="1" ind2=" " tag="100">
            <subfield code="a">Sacher, Kevin Yves</subfield>
            <subfield code="0">(DE-588)1266743677</subfield>
            <subfield code="2">gnd</subfield>
            <subfield code="e">Verfasser</subfield>
            <subfield code="4">aut</subfield>
          </datafield>
          <datafield ind1="1" ind2="4" tag="245">
            <subfield code="a">Die (Un-)Behandelbarkeit psychisch schwer gestörter Straftäter :</subfield>
            <subfield code="b">die Abgrenzung zwischen stationärer Behandlung gemäss Art. 59 StGB und der Verwahrung gemäss Art. 64 Abs. 1 lit. b StGB /</subfield>
            <subfield code="c">Kevin Yves Sacher</subfield>
          </datafield>
          <datafield ind1=" " ind2="1" tag="264">
            <subfield code="a">Bern,</subfield>
            <subfield code="c">2022</subfield>
          </datafield>
          <datafield ind1=" " ind2=" " tag="300">
            <subfield code="a">433 Seiten ;</subfield>
            <subfield code="c">21 cm</subfield>
          </datafield>
          <datafield ind1=" " ind2=" " tag="336">
            <subfield code="b">txt</subfield>
            <subfield code="2">rdacontent</subfield>
          </datafield>
          <datafield ind1=" " ind2=" " tag="337">
            <subfield code="b">n</subfield>
            <subfield code="2">rdamedia</subfield>
          </datafield>
          <datafield ind1=" " ind2=" " tag="338">
            <subfield code="b">nc</subfield>
            <subfield code="2">rdacarrier</subfield>
          </datafield>
          <datafield ind1=" " ind2=" " tag="502">
            <subfield code="b">Dissertation</subfield>
            <subfield code="c">Universität Bern,</subfield>
            <subfield code="d">2020</subfield>
          </datafield>
          <datafield ind1=" " ind2=" " tag="504">
            <subfield code="a">Literaturverzeichnis</subfield>
          </datafield>
          <datafield ind1=" " ind2="7" tag="650">
            <subfield code="a">Täter</subfield>
            <subfield code="0">(DE-588)4058881-6</subfield>
            <subfield code="2">gnd</subfield>
          </datafield>
          <datafield ind1=" " ind2="7" tag="650">
            <subfield code="a">Psychische Störung</subfield>
            <subfield code="0">(DE-588)4047686-8</subfield>
            <subfield code="2">gnd</subfield>
          </datafield>
          <datafield ind1=" " ind2="7" tag="650">
            <subfield code="a">Stationäre psychiatrische Versorgung</subfield>
            <subfield code="0">(DE-588)4192301-7</subfield>
            <subfield code="2">gnd</subfield>
          </datafield>
          <datafield ind1=" " ind2="7" tag="650">
            <subfield code="a">Verwahrung</subfield>
            <subfield code="0">(DE-588)4188110-2</subfield>
            <subfield code="2">gnd</subfield>
          </datafield>
          <datafield ind1=" " ind2="7" tag="650">
            <subfield code="a">Strafrecht</subfield>
            <subfield code="0">(DE-588)4057795-8</subfield>
            <subfield code="2">gnd</subfield>
          </datafield>
          <datafield ind1=" " ind2="7" tag="651">
            <subfield code="a">Schweiz</subfield>
            <subfield code="0">(DE-588)4053881-3</subfield>
            <subfield code="2">gnd</subfield>
          </datafield>
          <datafield ind1=" " ind2="7" tag="655">
            <subfield code="a">Hochschulschrift</subfield>
            <subfield code="0">(DE-588)4113937-9</subfield>
            <subfield code="2">gnd-content</subfield>
          </datafield>
          <datafield ind1="0" ind2="0" tag="689">
            <subfield code="a">Schweiz</subfield>
            <subfield code="0">(DE-588)4053881-3</subfield>
            <subfield code="D">g</subfield>
          </datafield>
          <datafield ind1="0" ind2="1" tag="689">
            <subfield code="a">Täter</subfield>
            <subfield code="0">(DE-588)4058881-6</subfield>
            <subfield code="D">s</subfield>
          </datafield>
          <datafield ind1="0" ind2="2" tag="689">
            <subfield code="a">Psychische Störung</subfield>
            <subfield code="0">(DE-588)4047686-8</subfield>
            <subfield code="D">s</subfield>
          </datafield>
          <datafield ind1="0" ind2="3" tag="689">
            <subfield code="a">Stationäre psychiatrische Versorgung</subfield>
            <subfield code="0">(DE-588)4192301-7</subfield>
            <subfield code="D">s</subfield>
          </datafield>
          <datafield ind1="0" ind2="4" tag="689">
            <subfield code="a">Verwahrung</subfield>
            <subfield code="0">(DE-588)4188110-2</subfield>
            <subfield code="D">s</subfield>
          </datafield>
          <datafield ind1="0" ind2="5" tag="689">
            <subfield code="a">Strafrecht</subfield>
            <subfield code="0">(DE-588)4057795-8</subfield>
            <subfield code="D">s</subfield>
          </datafield>
          <datafield ind1="2" ind2=" " tag="710">
            <subfield code="a">Universität Bern</subfield>
            <subfield code="0">(DE-588)2023768-6</subfield>
            <subfield code="2">gnd</subfield>
            <subfield code="e">Grad-verleihende Institution</subfield>
            <subfield code="4">dgg</subfield>
          </datafield>
          <datafield ind1=" " ind2=" " tag="943">
            <subfield code="a">340</subfield>
          </datafield>
          <datafield ind1=" " ind2=" " tag="957">
            <subfield code="a">eng</subfield>
          </datafield>
          <datafield ind1=" " ind2=" " tag="960">
            <subfield code="a">be</subfield>
          </datafield>
          <datafield ind1=" " ind2=" " tag="988">
            <subfield code="b">2022</subfield>
          </datafield>
          <datafield ind1=" " ind2=" " tag="989">
            <subfield code="b">2022/21</subfield>
          </datafield>
          <datafield ind1=" " ind2=" " tag="993">
            <subfield code="a">sb</subfield>
            <subfield code="b">2022/21</subfield>
            <subfield code="c">340</subfield>
            <subfield code="k">be</subfield>
          </datafield>
          <datafield ind1=" " ind2=" " tag="994">
            <subfield code="a">seRSWK</subfield>
            <subfield code="b">2022</subfield>
          </datafield>
        </record>
      </recordData>
      <recordIdentifier>991018966037803976</recordIdentifier>
      <recordPosition>2</recordPosition>
    </record>