
    <record>
      <recordSchema>marcxml</recordSchema>
      <recordPacking>xml</recordPacking>
      <recordData>
        <record xmlns="http://www.loc.gov/MARC21/slim">
          <leader>00716nac a22002417ia4500</leader>
          <controlfield tag="001">991017954316403976</controlfield>
          <controlfield tag="003">Sz</controlfield>
          <controlfield tag="005">20220929155127.0</controlfield>
          <controlfield tag="008">190326m20032022sz            00| 0 ger d</controlfield>
          <datafield ind1="7" ind2=" " tag="024">
            <subfield code="a">http://permalink.snl.ch/bib/sz991017954316403976</subfield>
            <subfield code="2">uri</subfield>
          </datafield>
          <datafield ind1=" " ind2=" " tag="035">
            <subfield code="a">(Sz)991017954316403976</subfield>
          </datafield>
          <datafield ind1=" " ind2=" " tag="040">
            <subfield code="a">Sz</subfield>
            <subfield code="b">ger</subfield>
            <subfield code="e">rda</subfield>
          </datafield>
          <datafield ind1="7" ind2="4" tag="082">
            <subfield code="a">340</subfield>
            <subfield code="2">23sdnb</subfield>
          </datafield>
          <datafield ind1="2" ind2=" " tag="110">
            <subfield code="a">mietrechtspraxis/mp</subfield>
            <subfield code="0">(DE-588)1107206049</subfield>
            <subfield code="2">gnd</subfield>
            <subfield code="e">Verfasser</subfield>
            <subfield code="4">aut</subfield>
          </datafield>
          <datafield ind1="1" ind2="0" tag="245">
            <subfield code="a">[Programme, mietrechtspraxis/mp]</subfield>
          </datafield>
          <datafield ind1=" " ind2="1" tag="264">
            <subfield code="a">[Zürich] :</subfield>
            <subfield code="b">mietrechtspraxis/mp,</subfield>
            <subfield code="c">[2003]-[2022]</subfield>
          </datafield>
          <datafield ind1=" " ind2=" " tag="300">
            <subfield code="f">Schachteln</subfield>
          </datafield>
          <datafield ind1=" " ind2=" " tag="336">
            <subfield code="b">txt</subfield>
            <subfield code="2">rdacontent</subfield>
          </datafield>
          <datafield ind1=" " ind2=" " tag="337">
            <subfield code="b">n</subfield>
            <subfield code="2">rdamedia</subfield>
          </datafield>
          <datafield ind1=" " ind2=" " tag="338">
            <subfield code="b">zu</subfield>
            <subfield code="2">rdacarrier</subfield>
          </datafield>
          <datafield ind1=" " ind2=" " tag="957">
            <subfield code="a">ger</subfield>
          </datafield>
          <datafield ind1=" " ind2=" " tag="991">
            <subfield code="a">xvcoll</subfield>
            <subfield code="b">2019/03</subfield>
            <subfield code="d">jou</subfield>
          </datafield>
          <datafield ind1=" " ind2=" " tag="994">
            <subfield code="a">rpd2019</subfield>
          </datafield>
        </record>
      </recordData>
      <recordIdentifier>991017954316403976</recordIdentifier>
      <recordPosition>3</recordPosition>
    </record>