
    <record>
      <recordSchema>marcxml</recordSchema>
      <recordPacking>xml</recordPacking>
      <recordData>
        <record xmlns="http://www.loc.gov/MARC21/slim">
          <leader>00919nac a22002774i 4500</leader>
          <controlfield tag="001">991017989327803976</controlfield>
          <controlfield tag="003">Sz</controlfield>
          <controlfield tag="005">20220923094359.0</controlfield>
          <controlfield tag="008">190909m20072022sz            00| 0 fre d</controlfield>
          <datafield ind1="7" ind2=" " tag="024">
            <subfield code="a">http://permalink.snl.ch/bib/sz991017989327803976</subfield>
            <subfield code="2">uri</subfield>
          </datafield>
          <datafield ind1=" " ind2=" " tag="035">
            <subfield code="a">(Sz)991017989327803976</subfield>
          </datafield>
          <datafield ind1=" " ind2=" " tag="040">
            <subfield code="a">Sz</subfield>
            <subfield code="b">fre</subfield>
            <subfield code="e">rda</subfield>
          </datafield>
          <datafield ind1="1" ind2=" " tag="041">
            <subfield code="a">fre</subfield>
            <subfield code="a">ger</subfield>
          </datafield>
          <datafield ind1="7" ind2="4" tag="082">
            <subfield code="a">340</subfield>
            <subfield code="2">23sdnb</subfield>
          </datafield>
          <datafield ind1="2" ind2=" " tag="110">
            <subfield code="a">Universität Freiburg</subfield>
            <subfield code="g">Schweiz</subfield>
            <subfield code="b">Institut für Europarecht</subfield>
            <subfield code="0">(DE-588)5305700-4</subfield>
            <subfield code="2">gnd</subfield>
            <subfield code="e">Verfasser</subfield>
            <subfield code="4">aut</subfield>
          </datafield>
          <datafield ind1="1" ind2="0" tag="245">
            <subfield code="a">[Programmes, Université de Fribourg, Institut de droit européen]</subfield>
          </datafield>
          <datafield ind1=" " ind2="1" tag="264">
            <subfield code="a">[Fribourg] :</subfield>
            <subfield code="b">Université de Fribourg, Institut de droit européen,</subfield>
            <subfield code="c">[2007]-[2022]</subfield>
          </datafield>
          <datafield ind1=" " ind2=" " tag="300">
            <subfield code="f">boîtes</subfield>
          </datafield>
          <datafield ind1=" " ind2=" " tag="336">
            <subfield code="b">txt</subfield>
            <subfield code="2">rdacontent</subfield>
          </datafield>
          <datafield ind1=" " ind2=" " tag="337">
            <subfield code="b">n</subfield>
            <subfield code="2">rdamedia</subfield>
          </datafield>
          <datafield ind1=" " ind2=" " tag="338">
            <subfield code="b">zu</subfield>
            <subfield code="2">rdacarrier</subfield>
          </datafield>
          <datafield ind1=" " ind2=" " tag="546">
            <subfield code="a">Textes en français et en allemand</subfield>
          </datafield>
          <datafield ind1="1" ind2=" " tag="956">
            <subfield code="a">fre</subfield>
            <subfield code="a">ger</subfield>
          </datafield>
          <datafield ind1=" " ind2=" " tag="957">
            <subfield code="a">fre</subfield>
          </datafield>
          <datafield ind1=" " ind2=" " tag="991">
            <subfield code="a">xvcoll</subfield>
            <subfield code="b">2019/09</subfield>
            <subfield code="d">jou</subfield>
          </datafield>
          <datafield ind1=" " ind2=" " tag="994">
            <subfield code="a">rpd2019</subfield>
          </datafield>
        </record>
      </recordData>
      <recordIdentifier>991017989327803976</recordIdentifier>
      <recordPosition>5</recordPosition>
    </record>
  </records>
  <nextRecordPosition>6</nextRecordPosition>
</searchRetrieveResponse>